@Manual{r2021,
  title = {R: A Language and Environment for Statistical Computing},
  author = {{R Core Team}},
  organization = {R Foundation for Statistical Computing},
  address = {Vienna, Austria},
  year = {2021},
  url = {https://www.R-project.org/},
}

@Manual{rolke2023,
  title = {Rgof: 1d Goodness of Fit Tests},
  author = {Wolfgang Rolke},
  year = {2023},
  note = {R package version 1.0.1},
  url = {https://CRAN.R-project.org/package=Rgof},
}

@Manual{rstudio2020, 
  title = {RStudio: Integrated Development Environment for R}, 
  author = {{RStudio Team}}, organization = {RStudio, PBC.}, 
  address = {Boston, MA}, 
  year = {2020}, 
  url = {http://www.rstudio.com/}
}

@book{agostini1986,
	Title = {Goodness-of-Fit Techniques},
	Author = {R B D'Agostini  and M A Stephens},
	Year = {1986},
	publisher = {Statistics: Textbooks and Monographs. Marcel Dekker}
}

@article{aldor2013,
	Title = { The Power to See: A New Graphical Test of Normality},
	Author = {Sivan Aldor-Noima and Lawrence D. Brown and Andreas Buja and Robert A. Stine and Wolfgang Rolke},
	Year = {2013},
	Journal = {The American Statistician },
	Volume = {67}
}

@article{anderson1952,
	Title = {Asymptotic theory of certain goodness-of-fit criteria based on stochastic processes},
	Author = {T W Anderson and D A Darling},
	Year = {1952},
	Journal = {Annals of Mathematical Statistics},
	Volume = {23},
	Pages = {193-212}
}

@article{anderson1954,
	Title = {A Test of Goodness-of-Fit},
	Author = {T W Anderson and D A Darling},
	Year = {1954},
	Journal = {JASA},
	Volume = {49},
	Pages = {765-769}
}

@article{anderson1962,
	Title = {On the Distribution of the Two-Sample {C}ramer-von { M}ises Criterion},
	Author = {T W Anderson},
	Year = {1962},
	Journal = {Annals of Mathematical Statistics},
	Volume = {33},
	Pages = {1148-1159},
	Number = {3}
}

@article{berkson1980,
	Title = {Minimum chi-square, not maximum likelihood.},
	Author = {J Berkson},
	Year = {1980},
	Journal = {Ann. Math. Stat},
	Volume = {8},
	Pages = {457-487},
	Number = {3}
}

@book{bickel2015,
	Title = {Mathematical Statistics Vol 1 and 2},
	Author = {Peter J Bickel  and Kjell A Doksum },
	Year = {2015},
	publisher = {CRC Press}
}

@article{birnbaum1952,
	Title = {Numerical Tabulation of the Distribution of {K}olmogorov's Statistic for Finite Sample Size.},
	Author = {Z W Birnbaum},
	Year = {1952},
	Journal = {JASA},
	Volume = {47},
	Pages = {425-441}
}

@book{blom1958,
	Title = {Statistical estimates and transformed beta-variables},
	Author = {Gunnar Blom},
	Year = {1958},
	publisher = {Wiley/New York}
}

@article{bogdan1995,
	Title = {Data Driven Version of {P}earson's Chi-Square Test for Uniformity},
	Author = {M Bogdan},
	Year = {1995},
	Journal = {Journal of Statistical Computation and Simulation},
	Volume = {52},
	Pages = {217-237}
}

@article{buja2006,
	Title = {Calibration for simultaneity: (Re)Sampling methods for simultaneous inference with applications to functional estimation and functional data},
	Author = {Andreas Buja and Wolfgang Rolke},
	Year = {2006},
	Journal = {Unpublished Manuscript},
	Url = {thttp://stat.wharton.upenn.edu/~buja/PAPERS/paper-sim.pdf.}
}

@book{casella2002,
	Title = {Statistical Inference},
	Author = {George Casella  and Robert Berger},
	Year = {2002},
	publisher = {Duxbury Advanced Series in Statistics and Decision Sciences. Thomson Learning.}
}

@article{dahiya1973,
	Title = {How Many Classes in the {P}earson Chi-Square Test?},
	Author = {R C Dahiya and J Gurland},
	Year = {1973},
	Journal = {Journal of the American Statistical Association},
	Volume = {68},
	Pages = {707-712}
}

@article{filliben1975,
	Title = {The Probability Plot Correlation Coefficient Test for Normality},
	Author = {J J Filliben},
	Year = {1975},
	Journal = {Technometrics},
	Volume = {17},
	Pages = {111-117}
}

@article{gontscharuk2016,
	Title = {Asymptotics of goodness-of-fit tests based on minimum p-value},
	Author = {Veronika Gontscharuk and Helmut Finner},
	Year = {2016},
	Journal = {Communications is Statistics - Theory and Methods},
	Volume = {46},
	Pages = {2332-2342},
	Number = {5}
}

@article{goodman1954,
	Title = {Kolmogorov-{S}mirnov Tests for Psychological Research.},
	Author = {L A Goodman},
	Year = {1954},
	Journal = {Psychological Bull},
	Volume = {51},
	Pages = {160-168}
}

@book{greenwood1996,
	Title = {A Guide to Chi-Square Testing},
	Author = {P E Greenwood and M S Nikulin},
	Year = {1996},
	publisher = {Wiley}
}

@article{harrison1985,
	Title = {Choosing the Optimum Volume of Classes in the Chi-Square Test for Arbitrary Power Levels},
	Author = {R H Harrison},
	Year = {1985},
	Journal = {Indian J. Stat.},
	Volume = {47},
	Pages = {319-324},
	Number = {3}
}

@article{inglot2006,
	Title = {Towards data driven selection of a penalty function for data driven {N}eyman tests.},
	Author = {T Inglot and T Ledwina},
	Year = {2006},
	Journal = {Linear Algebra and its Appl. },
	Volume = {417},
	Pages = {579-590}
}


@article{jarque1980,
	Title = {Efficient tests for normality, homoscedasticity and serial independence of regression residuals},
	Author = {Carlos Jarque and Anil Bera},
	Year = {1980},
	Journal = {Economics Letters},
	Volume = {6},
	Pages = {255-259},
	Number = {3}
}

@article{kallenberg1985,
	Title = {The Volume of Classes in Chi-Squared Goodness-of-Fit Tests.},
	Author = {W Kallenberg and J Ooosterhoff and B Schriever},
	Year = {1985},
	Journal = {Journal of the American Statistical Association},
	Volume = {80},
	Pages = {959-968}
}

@article{koehler1990,
	Title = {Chi-Squared Goodness-of-Fit Tests: Cell Selection and Power.},
	Author = {K Koehler and F Gann},
	Year = {1990},
	Journal = {Communications in Statistics-Simulation},
	Volume = {19},
	Pages = {1265-1278}
}

@article{kolmogorov1933,
	Title = {Sulla determinazione empirica di una legge di distribuzione.},
	Author = {A Kolmogorov},
	Year = {1933},
	Journal = { G. Ist. Ital. Attuari.},
	Volume = {4},
	Pages = {83-91}
}

@article{kuiper1960,
	Title = {Tests concerning random points on a circle.},
	Author = {N H Kuiper},
	Year = {1960},
	Journal = {Proceedings of the Koninklijke Nederlandse Akademie van Wetenschappen},
	Volume = {63},
	Pages = {38-47}
}

@article{ledwina1994,
	Title = {Data driven version of {N}eyman's smooth test of fit.},
	Author = {T Ledwina},
	Year = {1994},
	Journal = {J. Amer. Statist. Assoc.},
	Volume = {89},
	Pages = {1000-1005}
}

@article{massey1951,
	Title = {The {K}olmogorov-{S}mirnov Test for Goodness-of-Fit.},
	Author = {F J Massey},
	Year = {1951},
	Journal = {JASA},
	Volume = {46},
	Pages = {68-78}
}

@article{mineo1979,
	Title = {A New Grouping Method for the Right Evaluation of the Chi-Square Test of Goodness-of-Fit.},
	Author = {A Mineo},
	Year = {1979},
	Journal = {Scand. J. Stat},
	Volume = {6},
	Pages = {145-153},
	Number = {4}
}

@article{neyman1937,
	Title = {Smooth test for goodness of fit},
	Author = {J Neyman},
	Year = {1937},
	Journal = {Skand. Aktuarietidskr},
	Volume = {20},
	Pages = {149-199}
}

@article{ooosterhoff1985,
	Title = {The Choice of Cells in Chi-Square Tests.},
	Author = {J Ooosterhoff},
	Year = {2002},
	Journal = {Statistica Neerlandia},
	Volume = {39},
	Pages = {115-128}
}

@article{pearson1900,
	Title = {On the criterion that a given system of deviations from the probable in the case of a correlated system of variables is such that it can be reasonably supposed to have arisen from random sampling},
	Author = {K Pearson},
	Year = {1900},
	Journal = {Philosophical Magazine (Series 5)},
	Volume = {50},
	Pages = {302}
}

@article{quine1985,
	Title = {Efficiencies of Chi-Square and Likelihood ratio Goodness-of-Fit Tests.},
	Author = {M Quine and J Robinson},
	Year = {1985},
	Journal = {Annals of Statistics},
	Volume = {13},
	Pages = {727-742}
}

@book{raynor2009,
	Title = {Smooth Tests of Goodness of Fit},
	Author = {J C Raynor  and Oliver Thas and D J Best},
	Year = {2012},
	publisher = {Wiley Sons}
}

@article{rolke2020,
	Title = {A chi-square goodness-of-fit test for continuous distributions against a known alternative},
	Author = {Wolfgang Rolke and Cristian Gutierrez-Gongora},
	Year = {2020},
	Pages = {1885-1900},
	Volume = {36},
	Journal = {Computational Statistics},
	DOI = {10.1007/s00180-020-00997-x}
}

@article{shapiro1965,
	Title = {An analysis of variance test for normality (complete samples)},
	Author = {S S Shapiro and M B Wilk},
	Year = {1965},
	Journal = {Biometrika},
	Volume = {52},
	Pages = {591-611},
	Number = {3-4}
}

@article{smirnov1948,
	Title = {Table for estimating the goodness of fit of empirical distributions.},
	Author = {N Smirnov},
	Year = {1948},
	Journal = {Annals of Mathematical Statistics},
	Volume = {19},
	Pages = {279-281}
}

@book{thas2010 ,
	Title = {Continuous Distributions},
	Author = {Oliver Thas},
	Year = {2010},
	publisher = {Springer Series in Statistics. Springer}
}

@article{wasserstein1999,
	Title = {Tests of Goodness of Fit Based on the L2-Wasserstein Distance.},
	Author = {E del Barrio and J A Cuesta-Albertos and C Matran, J M Rodriguez-Rodriguez},
	Year = {1999},
	Journal = {Annals of Statistics},
	Pages = {27},
	Volume = {1230-1239}
}

@book{voinov2013,
	Title = {Chi-Square Goodness of Fit Test With Applications},
	Author = {N B Voinov and M Nikulin},
	Year = {2013},
	publisher = {Academic Press}
}

@article{watson1958 ,
	Title = {On Ch-Square Goodness-of-Fit Tests for Continuous Distributions},
	Author = {G S Watson},
	Year = {1958},
	Journal = {Journal of the RSS (Series B)},
	Pages = {44-72},
	Volume = {20}
}

@article{zhang2002,
	Title = {Powerful Goodness-of-Fit Tests based on Likelihood Ratio},
	Author = {J Zhang},
	Year = {2002},
	Journal = {Journal of the RSS (Series B)},
	Volume = {64},
	Pages = {281-294}
}


















